@article{albrechtsen2023structural,
	title={A structural duality for path-decompositions into parts of small radius},
	author={Albrechtsen, Sandra and Diestel, Reinhard and Elm, Ann-Kathrin and Fluck, Eva and Jacobs, Raphael W and Knappe, Paul and Wollan, Paul},
	journal={arXiv preprint arXiv:2307.08497},
	year={2023}
}